@book{guermond2021finite,
  title =        {Finite Elements I: Approximation and Interpolation},
  author =       {Guermond, Jean-Luc and Ern, Alexandre},
  year =         2021,
  publisher =    {Springer}
}

@book{rudin1970real,
  title =        {Real and Complex Analysis P. 2},
  author =       {Rudin, Walter},
  year =         1970,
  publisher =    {McGraw-Hill}
}

@book{rudin1976principles,
  title =        {Principles of mathematical analysis},
  author =       {Rudin, Walter and others},
  volume =       3,
  year =         1976,
  publisher =    {McGraw-hill New York}
}

@book{werner2006funktionalanalysis,
  title =        {Funktionalanalysis},
  author =       {Werner, Dirk},
  year =         2006,
  publisher =    {Springer-Verlag}
}

@book{girault1979finite,
  title =        {Finite element approximation of the Navier-Stokes equations},
  author =       {Girault, Vivette and Raviart, Pierre-Arnaud},
  volume =       749,
  year =         1979,
  publisher =    {Springer Berlin}
}

@book{brezis2011functional,
  title =        {Functional analysis, Sobolev spaces and partial differential
                  equations},
  author =       {Brezis, Haim and Br{\'e}zis, Haim},
  volume =       2,
  number =       3,
  year =         2011,
  publisher =    {Springer}
}

@book{di2011mathematical,
  title =        {Mathematical aspects of discontinuous Galerkin methods},
  author =       {Di Pietro, Daniele Antonio and Ern, Alexandre},
  volume =       69,
  year =         2011,
  publisher =    {Springer Science \& Business Media}
}

@inproceedings{dangel2020modular,
  title =        {Modular Block-diagonal Curvature Approximations for
                  Feedforward Architectures},
  author =       {Dangel, Felix and Harmeling, Stefan and Hennig, Philipp},
  booktitle =    {International Conference on Artificial Intelligence and
                  Statistics (AISTATS)},
  year =         2020,
}

@inproceedings{martens2015optimizing,
  title =        {Optimizing Neural Networks with {K}ronecker-factored
                  Approximate Curvature},
  author =       {Martens, James and Grosse, Roger},
  booktitle =    {International Conference on Machine Learning (ICML)},
  year =         2015,
}

@article{skorski2019chain,
  title =        {Chain rules for hessian and higher derivatives made easy by
                  tensor calculus},
  author =       {Skorski, Maciej},
  journal =      {arXiv preprint arXiv:1911.13292},
  year =         2019
}

@inproceedings{martens2018kroneckerfactored,
  title =        {Kronecker-factored Curvature Approximations for Recurrent
                  Neural Networks},
  author =       {James Martens and Jimmy Ba and Matt Johnson},
  booktitle =    {International Conference on Learning Representations},
  year =         2018,
  url =          {https://openreview.net/forum?id=HyMTkQZAb},
}

@inproceedings{eschenhagen2023kroneckerfactored,
  title =        {Kronecker-Factored Approximate Curvature for Modern Neural
                  Network Architectures},
  author =       {Runa Eschenhagen and Alexander Immer and Richard E. Turner and
                  Frank Schneider and Philipp Hennig},
  booktitle =    {Advances in Neural Information Processing Systems (NeurIPS)},
  year =         2023,
}

@article{amari1998natural,
  title={Natural gradient works efficiently in learning},
  author={Amari, Shun-Ichi},
  journal={Neural computation},
  volume={10},
  number={2},
  pages={251--276},
  year={1998},
  publisher={MIT Press}
}


@inproceedings{arora2018understanding,
  title =        {Understanding Deep Neural Networks with Rectified Linear
                  Units},
  author =       {Raman Arora and Amitabh Basu and Poorya Mianjy and Anirbit
                  Mukherjee},
  booktitle =    {International Conference on Learning Representations (ICLR)},
  year =         2018,
}

@inproceedings{grosse2016kroneckerfactored,
  author =       {Grosse, Roger and Martens, James},
  title =        {A Kronecker-Factored Approximate {F}isher Matrix for
                  Convolution Layers},
  year =         2016,
  booktitle =    {International Conference on Machine Learning (ICML)},
}

@misc{martens2020new,
  title =        {New insights and perspectives on the natural gradient method},
  author =       {James Martens},
  year =         2020,
}

@inproceedings{muller2023achieving,
  title={Achieving high accuracy with PINNs via energy natural gradient descent},
  author={M{\"u}ller, Johannes and Zeinhofer, Marius},
  booktitle={International Conference on Machine Learning},
  pages={25471--25485},
  year={2023},
  organization={PMLR}
}
